\usepackage{comment}
@ARTICLE{EIA,
  author = {EIA},
  title = {EIA projects 28\% increase in world energy use by 2040},
  year = {2017},
  url = {https://www.eia.gov/todayinenergy/detail.php?id=32912}
}

@ARTICLE{Einstein1906,
  author = {Einstein, A.},
  title = {Eine neue Bestimmung der Molek\"uldimensionen},
  journal = {Annalen der Physik},
  year = {1906},
  volume = {324},
  pages = {289--306},
  number = {2},
  doi = {10.1002/andp.19063240204},
  url = {http://dx.doi.org/10.1002/andp.19063240204}
}

@article{Sae2013,
  title={Geothermal systems in global perspective},
  author={Saemundsson, Kristj{\'a}n and others},
  year={2013},
  publisher={United Nations University}
}

@article{Stef, 
author={V. Stefansson}, 
booktitle={IEEE Power Engineering Society Summer Meeting,}, 
title={Global perspective on geothermal energy}, 
year={2002}, 
volume={1}, 
number={}, 
pages={11 vol.1-}, 
keywords={geothermal power;geothermal power stations;energy consumption;geothermal energy resources;renewable energy sources;sustainable development;Iceland;technical potential;production price;400 EJ;Geothermal energy;Renewable energy resources;Energy resources;Energy consumption;Sustainable development;Fossil fuels;Production;Nuclear physics;Reservoirs;Project management}, 
doi={10.1109/PESS.2002.1043163}, 
ISSN={}, 
month={July},}

@article{corsi1986scaling,
  title={Scaling and corrosion in geothermal equipment: problems and preventive measures},
  author={Corsi, Riccardo},
  journal={Geothermics},
  volume={15},
  number={5-6},
  pages={839--856},
  year={1986},
  publisher={Elsevier}
}

@book{papic1991scaling,
  title={Scaling and corrosion potential of selected geothermal waters in Serbia},
  author={Papic, Petar},
  year={1991},
  publisher={United Nations University}
}

@book{brown2013mineral,
  title={Mineral scaling in geothermal power production},
  author={Brown, Kevin L and others},
  year={2013},
  publisher={United Nations University}
}

@article{gunnlaugsson2014problems,
  title={Problems in geothermal operation-scaling and corrosion},
  author={Gunnlaugsson, Einar and {\'A}rmannsson, Halld{\'o}r and {\TH}{\'o}rhallsson, Sverrir and Steingr{\'\i}msson, Benedikt and others},
  year={2014},
  publisher={United Nations University}
}

@article{Andritsos,
author = {Andritsos, N and Karabelas, Anastasios and Koutsoukos, Petros},
year = {2002},
month = {01},
pages = {},
title = {SCALE FORMATION IN GEOTHERMAL PLANTS}
}
%Use this for the image of scaling in pipe
@Article{Boch2017,
author="Boch, Ronny
and Leis, Albrecht
and Haslinger, Edith
and Goldbrunner, Johann E.
and Mittermayr, Florian
and Fr{\"o}schl, Heinz
and Hippler, Dorothee
and Dietzel, Martin",
title="Scale-fragment formation impairing geothermal energy production: interacting H2S corrosion and CaCO3 crystal growth",
journal="Geothermal Energy",
year="2017",
month="May",
day="22",
volume="5",
number="1",
pages="4",
abstract="Mineral precipitates (scaling) from deep saline thermal waters often constitute a major problem during geothermal energy production. The occurrence of scale-fragments accumulating and clogging pipes, filters, and heat exchangers is of particular concern regarding an efficient energy extraction.",
issn="2195-9706",
doi="10.1186/s40517-017-0062-3",
url="https://doi.org/10.1186/s40517-017-0062-3"
}

@misc{index."_2018, title={mineral saturation index}, url={https://www.encyclopedia.com/science/dictionaries-thesauruses-pictures-and-press-releases/mineral-saturation-index}, journal={Gale Library of Daily Life: Slavery in America}, publisher={Encyclopedia.com}, author={index.", "mineral saturation}, year={2018}}

@article{HILAL2004281,
title = "A comprehensive review of nanofiltration membranes:Treatment, pretreatment, modelling, and atomic force microscopy",
journal = "Desalination",
volume = "170",
number = "3",
pages = "281 - 308",
year = "2004",
issn = "0011-9164",
doi = "https://doi.org/10.1016/j.desal.2004.01.007",
url = "http://www.sciencedirect.com/science/article/pii/S0011916404800328",
author = "N. Hilal and H. Al-Zoubi and N.A. Darwish and A.W. Mohamma and M. Abu Arabi",
keywords = "Nanofiltration, Pretreatment, Fouling, Modeling, Atomic force microscopy, Desalination"
}

@article{KAYA201510,
title = "Pre-treatment with nanofiltration (NF) in seawater desalination—Preliminary integrated membrane tests in Urla, Turkey",
journal = "Desalination",
volume = "369",
pages = "10 - 17",
year = "2015",
issn = "0011-9164",
doi = "https://doi.org/10.1016/j.desal.2015.04.029",
url = "http://www.sciencedirect.com/science/article/pii/S0011916415002829",
author = "Cüneyt Kaya and Gökhan Sert and Nalan Kabay and Müşerref Arda and Mithat Yüksel and Özdemir Egemen",
keywords = "Desalination, Integrated system, Reverse osmosis, Nanofiltration, Seawater"
}

@article{viveiros2015calcium,
  title={Calcium carbonate scaling control in geothermal well PV8 in Sao Miguel, Azores, combining chemical inhibition and mechanical reaming},
  author={Viveiros Pereira, Valdemar de and others},
  year={2015},
  publisher={United Nations University}
}

@article{van2012mineral,
  title={Mineral Scaling in Geothermal Wells},
  author={Van den Ende, TW},
  year={2012}
}
@article{tomaszewska2017assessment,
  title={Assessment of the influence of temperature and pressure on the prediction of the precipitation of minerals during the desalination process},
  author={Tomaszewska, Barbara and Tyszer, Magdalena},
  journal={Desalination},
  volume={424},
  pages={102--109},
  year={2017},
  publisher={Elsevier}
}

