@article{HILAL2004281,
title = "A comprehensive review of nanofiltration membranes:Treatment, pretreatment, modelling, and atomic force microscopy",
journal = "Desalination",
volume = "170",
number = "3",
pages = "281 - 308",
year = "2004",
issn = "0011-9164",
doi = "https://doi.org/10.1016/j.desal.2004.01.007",
url = "http://www.sciencedirect.com/science/article/pii/S0011916404800328",
author = "N. Hilal and H. Al-Zoubi and N.A. Darwish and A.W. Mohamma and M. Abu Arabi",
keywords = "Nanofiltration, Pretreatment, Fouling, Modeling, Atomic force microscopy, Desalination"
}