@article{KAYA201510,
title = "Pre-treatment with nanofiltration (NF) in seawater desalination—Preliminary integrated membrane tests in Urla, Turkey",
journal = "Desalination",
volume = "369",
pages = "10 - 17",
year = "2015",
issn = "0011-9164",
doi = "https://doi.org/10.1016/j.desal.2015.04.029",
url = "http://www.sciencedirect.com/science/article/pii/S0011916415002829",
author = "Cüneyt Kaya and Gökhan Sert and Nalan Kabay and Müşerref Arda and Mithat Yüksel and Özdemir Egemen",
keywords = "Desalination, Integrated system, Reverse osmosis, Nanofiltration, Seawater"
}